

@article{topic_modeling_2024,
  author     = {Johannes Hirth and
                Tom Hanika},
  title      = {The Geometric Structure of Topic Models},
  journal    = {CoRR},
  volume     = {abs/2403.03607},
  year       = {2024},
  doi        = {10.48550/ARXIV.2403.03607},
  eprinttype = {arXiv},
  eprint     = {2403.03607},
  timestamp  = {Wed, 03 Apr 2024 15:23:01 +0200},
  biburl     = {https://dblp.org/rec/journals/corr/abs-2403-03607.bib},
  bibsource  = {dblp computer science bibliography, https://dblp.org}
}

@article{twitter_fca_2016,
  title     = {A step forward for Topic Detection in Twitter: An FCA-based approach},
  author    = {Cigarr{\'a}n, Juan and Castellanos, {\'A}ngel and Garc{\'\i}a-Serrano, Ana},
  journal   = {Expert Systems with Applications},
  volume    = {57},
  pages     = {21--36},
  year      = {2016},
  publisher = {Elsevier}
}

@article{topic_feature_2021,
  title     = {Topic-Feature Lattices Construction and Visualization for Dynamic Topic Number},
  author    = {Wang, Kai and Wang, Fuzhi},
  journal   = {Journal of Systems Science and Information},
  volume    = {9},
  number    = {5},
  pages     = {558--574},
  year      = {2021},
  publisher = {De Gruyter}
}

@article{HLDA_2019,
  title     = {Hierarchical topic modeling of Twitter data for online analytical processing},
  author    = {Yu, Dongjin and Xu, Dengwei and Wang, Dongjing and Ni, Zhiyong},
  journal   = {IEEE access},
  volume    = {7},
  pages     = {12373--12385},
  year      = {2019},
  publisher = {IEEE}
}

@article{topic_hierarchy_2023,
  title     = {Dynamically constructing semantic topic hierarchy through formal concept analysis},
  author    = {Wang, Fugang and Wang, Nianbin and Cai, Shaobin and Zhang, Wulin},
  journal   = {Multimedia Tools and Applications},
  volume    = {82},
  number    = {5},
  pages     = {7267--7292},
  year      = {2023},
  publisher = {Springer}
}

@book{fca-book,
  title     = {Formal concept analysis: mathematical foundations},
  author    = {Ganter, Bernhard and Wille, Rudolf},
  year      = {2024},
  publisher = {Springer Nature}
}

@article{git_2022,
  title   = {Git: A generative image-to-text transformer for vision and language},
  author  = {Wang, Jianfeng and Yang, Zhengyuan and Hu, Xiaowei and Li, Linjie and Lin, Kevin and Gan, Zhe and Liu, Zicheng and Liu, Ce and Wang, Lijuan},
  journal = {arXiv preprint arXiv:2205.14100},
  year    = {2022}
}

@article{top2vec_2020,
  title   = {Top2vec: Distributed representations of topics},
  author  = {Angelov, Dimo},
  journal = {arXiv preprint arXiv:2008.09470},
  year    = {2020}
}

@article{use_2019,
  title   = {Multilingual universal sentence encoder for semantic retrieval},
  author  = {Yang, Yinfei and Cer, Daniel and Ahmad, Amin and Guo, Mandy and Law, Jax and Constant, Noah and Abrego, Gustavo Hernandez and Yuan, Steve and Tar, Chris and Sung, Yun-Hsuan and others},
  journal = {arXiv preprint arXiv:1907.04307},
  year    = {2019}
}

@article{titanic_2002,
  title     = {Computing iceberg concept lattices with titanic},
  author    = {Stumme, Gerd and Taouil, Rafik and Bastide, Yves and Pasquier, Nicolas and Lakhal, Lotfi},
  journal   = {Data \& knowledge engineering},
  volume    = {42},
  number    = {2},
  pages     = {189--222},
  year      = {2002},
  publisher = {Elsevier}
}

@article{ner_2019,
  title  = {Clustering prominent named entities in topic-specific text corpora},
  author = {Alsudais, Abdulkareem and Tchalian, Hovig},
  year   = {2019}
}

@article{hanika2019conexp,
  title   = {Conexp-Clj-A Research Tool for FCA.},
  author  = {Hanika, Tom and Hirth, Johannes},
  journal = {ICFCA (Supplements)},
  volume  = {2378},
  number  = {70-75},
  pages   = {346},
  year    = {2019}
}

@inproceedings{top2vec_2024,
  title     = {Topic Modeling: Contextual Token Embeddings Are All You Need},
  author    = {Angelov, Dimo and Inkpen, Diana},
  booktitle = {Findings of the Association for Computational Linguistics: EMNLP 2024},
  pages     = {13528--13539},
  year      = {2024}
}

@article{hirth_ordinal_2024,
  title     = {Ordinal motifs in lattices},
  author    = {Hirth, Johannes and Horn, Viktoria and Stumme, Gerd and Hanika, Tom},
  journal   = {Information Sciences},
  volume    = {659},
  pages     = {120009},
  year      = {2024},
  publisher = {Elsevier}
}
